<?xml version="1.0" encoding="UTF-8"?><record xmlns="http://www.loc.gov/MARC21/slim" xmlns:cinclude="http://apache.org/cocoon/include/1.0" xmlns:zs="http://www.loc.gov/zing/srw/">
  <leader>00408cz  a2200133n  4500</leader>
  <controlfield tag="001">n  93099036 </controlfield>
  <controlfield tag="003">DLC</controlfield>
  <controlfield tag="005">19931103161552.8</controlfield>
  <controlfield tag="008">931007n| acannaab|          |a aaa |||  </controlfield>
  <datafield tag="010" ind1=" " ind2=" ">
    <subfield code="a">n  93099036 </subfield>
  </datafield>
  <datafield tag="040" ind1=" " ind2=" ">
    <subfield code="a">DLC</subfield>
    <subfield code="c">DLC</subfield>
    <subfield code="d">DLC</subfield>
  </datafield>
  <datafield tag="100" ind1="1" ind2="0">
    <subfield code="a">Kim, PyoĚng-hwa,</subfield>
    <subfield code="d">1936-</subfield>
  </datafield>
  <datafield tag="400" ind1="1" ind2="0">
    <subfield code="a">Kim, Byung Hwa,</subfield>
    <subfield code="d">1936-</subfield>
  </datafield>
  <datafield tag="670" ind1=" " ind2=" ">
    <subfield code="a">Yun, I. Symphony no. 1 (1983) ... [SR] p1987:</subfield>
    <subfield code="b">label (Kim Byung Hwa, conductor) program notes (b. 1936)</subfield>
  </datafield>
</record>